@misc{Reference3,
	author = "{Wikimedia Commons}",
	title = "File:Android robot 2014.svg --- Wikimedia Commons{,} the free media repository",
	year = "2018",
	url = "https://commons.wikimedia.org/w/index.php?title=File:Android_robot_2014.svg&oldid=301684599",
	note = "[Último acceso: 8 de Junio de 2018]"
 }

@online{Reference4,
	author = "{The Legion of the Bouncy Castle}",
	title = "bouncycastle.org",
	year = "2013",
	url = "http://bouncycastle.org/",
	note = "[Último acceso: 8 de Junio de 2018]"
}

@misc{Reference6,
	author = "{Wikimedia Commons}",
	title = "File:Java programming language logo.svg",
	year = "2018",
	url = "https://en.wikipedia.org/w/index.php?title=File:Java_programming_language_logo.svg&oldid=844320937",
	note = "[Último acceso: 8 de Junio de 2018]"
}

@misc{Reference7,
	author = "{Wikipedia contributors}",
	title = "Android (operating system) --- {Wikipedia}{,} The Free Encyclopedia",
	year = "2017",
	url = "https://en.wikipedia.org/w/index.php?title=Android_(operating_system)&oldid=805639596",
	note = "[Último acceso: 8 de Junio de 2018]"
}

@article{Reference8,
	title={Gordon Welchman, The Hut Six Story-Breaking the Enigma Codes},
	author={Taunt, D},
	journal={CAMBRIDGE REVIEW},
	volume={119},
	pages={78},
	year={1998},
	publisher={CAMBRIDGE UNIVERSITY PRESS}
}

@misc{Reference9,
	author = "{Wikipedia contributors}",
	title = "RSA (cryptosystem) --- {Wikipedia}{,} The Free Encyclopedia",
	year = "2017",
	url = "https://en.wikipedia.org/w/index.php?title=RSA_(cryptosystem)&oldid=806096352",
	note = "[Último acceso: 8 de Junio de 2018]"
}

@techreport{Reference10,
	author = {Ed. K. Moriarty and B. Kaliski and J. Jonsson and A. Rusch},
	title = {PKCS \#1: RSA Cryptography Specifications Version 2.2},
	institution = {IETF},
	number = {RFC 8017},
	pages = {8--9},
	url = {https://tools.ietf.org/html/rfc8017#section-3.1},
	year = {2016},
	note = "[Último acceso: 8 de Junio de 2018]"
}

@techreport{Reference11,
	author = {Ed. K. Moriarty and B. Kaliski and J. Jonsson and A. Rusch},
	title = {PKCS \#1: RSA Cryptography Specifications Version 2.2},
	institution = {IETF},
	number = {RFC 8017},
	pages = {9--10},
	url = {https://tools.ietf.org/html/rfc8017#section-3.2},
	year = {2016},
	note = "[Último acceso: 8 de Junio de 2018]"
}

@article{Reference12,
	title={A method for obtaining digital signatures and public-key cryptosystems},
	author={Rivest, Ronald L and Shamir, Adi and Adleman, Leonard},
	journal={Communications of the ACM},
	volume={21},
	number={2},
	pages={120--126},
	year={1978},
	publisher={ACM}
}

@book{Reference13,
	title={The Java language specification},
	author={Gosling, James and Joy, Bill and Steele, Guy L and Bracha, Gilad and Buckley, Alex},
	year={2014},
	publisher={Pearson Education}
}

@article{Reference14,
	title={Introducing SSL and certificates using SSLeay},
	author={Hirsch, Frederick J},
	journal={World Wide Web Journal},
	volume={2},
	number={3},
	pages={141--173},
	year={1997},
	publisher={O'Reilly \& Associates, Inc.}
}

@book{Reference15,
	title={PSS: Provably secure encoding method for digital signatures},
	author={Bellare, Mihir and Rogaway, Phillip},
	year={1998},
	publisher={Citeseer},
	url={http://citeseerx.ist.psu.edu/viewdoc/download?doi=10.1.1.79.3835&rep=rep1&type=pdf},
	note = "[Último acceso: 8 de Junio de 2018]"
}

@techreport{Reference17,
	author = {Ed. K. Moriarty and B. Kaliski and J. Jonsson and A. Rusch},
	title = {PKCS \#1: RSA Cryptography Specifications Version 2.2},
	institution = {IETF},
	number = {RFC 8017},
	pages = {42--43},
	url = {https://tools.ietf.org/html/rfc8017#section-9.1.1},
	year = {2016},
	note = "[Último acceso: 8 de Junio de 2018]"
}

@techreport{Reference18,
	author = {R. Fielding and J. Gettys and J. Mogul and H. Frystyk and L. Masinter and P. Leach and T. Berners-Lee},
	title = {Hypertext Transfer Protocol -- HTTP/1.1},
	institution = {IETF},
	number = {RFC 2616},
	url = {https://tools.ietf.org/html/rfc2616},
	year = {1999},
	note = "[Último acceso: 8 de Junio de 2018]"
}

@book{Reference19,
	title = {Introduction to cryptography},
	author = {Hans Delfs and Helmut Knebl},
	publisher = {Springer},
	volume = {2},
	year = {2002}
}

@misc{Reference20,
	author = "{Wikipedia contributors}",
	title = "Threat model --- {Wikipedia}{,} The Free Encyclopedia",
	year = "2017",
	url = "https://en.wikipedia.org/w/index.php?title=Threat_model&oldid=810785371",
	note = "[Último acceso: 8 de Junio de 2018]"
}

@book{Reference21,
	title={Cryptographic Boolean functions and applications},
	author={Thomas W. Cusick and Pantelimon Stanica},
	year={2017},
	publisher={Academic Press},
	chapter={7},
	pages={158-159}
}

@misc{Reference23,
	author = "{Wikipedia contributors}",
	title = "Block cipher mode of operation --- {Wikipedia}{,} The Free Encyclopedia",
	year = "2017",
	url = "https://en.wikipedia.org/w/index.php?title=Block_cipher_mode_of_operation&oldid=809021817#Common_modes",
	note = "[Último acceso: 8 de Junio de 2018]"
}

@techreport{Reference24,
  author = {Dworkin, Morris},
  title = {Recommendation for block cipher modes of operation. methods and techniques},
  institution = {NIST},
	number = {800-38A},
  year = {2001},
	url={http://nvlpubs.nist.gov/nistpubs/Legacy/SP/nistspecialpublication800-38a.pdf},
	note = "[Último acceso: 8 de Junio de 2018]"
}

@misc{Reference25,
	author = "{Wikipedia contributors}",
	title = "Advanced Encryption Standard --- {Wikipedia}{,} The Free Encyclopedia",
	year = "2017",
	url = {https://en.wikipedia.org/w/index.php?title=Advanced_Encryption_Standard&oldid=809193008},
	note = "[Último acceso: 8 de Junio de 2018]"
}

@article{Reference26,
	title = {Announcing the advanced encryption standard (AES)},
	author = {Standard, NIST-FIPS},
  journal = {Federal Information Processing Standards Publication},
	volume = {197},
  year = {2001},
	url = {http://nvlpubs.nist.gov/nistpubs/FIPS/NIST.FIPS.197.pdf},
	note = "[Último acceso: 8 de Junio de 2018]"
}

@misc{Reference27,
	author = "{Wikimedia Commons}",
	title = "File:AES-SubBytes.svg --- Wikimedia Commons{,} the free media repository",
	year = "2014",
	url = "https://commons.wikimedia.org/w/index.php?title=File:AES-SubBytes.svg&oldid=117233634",
	note = "[Último acceso: 8 de Junio de 2018]"
}

@misc{Reference28,
	author = "{Wikimedia Commons}",
	title = "File:AES-ShiftRows.svg --- Wikimedia Commons{,} the free media repository",
	year = "2014",
	url = "https://commons.wikimedia.org/w/index.php?title=File:AES-ShiftRows.svg&oldid=117233627",
	note = "[Último acceso: 8 de Junio de 2018]"
}

@misc{Reference29,
	author = "{Wikimedia Commons}",
	title = "File:AES-MixColumns.svg --- Wikimedia Commons{,} the free media repository",
	year = "2014",
	url = "https://commons.wikimedia.org/w/index.php?title=File:AES-MixColumns.svg&oldid=117233620",
	note = "[Último acceso: 8 de Junio de 2018]"
}

@misc{Reference30,
	author = "{Wikimedia Commons}",
	title = "File:AES-AddRoundKey.svg --- Wikimedia Commons{,} the free media repository",
	year = "2014",
	url = "https://commons.wikimedia.org/w/index.php?title=File:AES-AddRoundKey.svg&oldid=117233615",
	note = "[Último acceso: 8 de Junio de 2018]"
}

@misc{Reference31,
	author = "{Wikipedia contributors}",
	title = "HMAC --- {Wikipedia}{,} The Free Encyclopedia",
	year = "2018",
	url = "https://en.wikipedia.org/w/index.php?title=HMAC&oldid=832688082",
	note = "[Último acceso: 8 de Junio de 2018]"
}

@misc{Reference32,
	author = "{Wikipedia contributors}",
	title = "Salt (cryptography) --- {Wikipedia}{,} The Free Encyclopedia",
	year = "2018",
	url = "https://en.wikipedia.org/w/index.php?title=Salt_(cryptography)&oldid=828398021",
	note = "[Último acceso: 8 de Junio de 2018]"
}

@misc{Reference33,
	author = "{Android Developers}",
	title = "Android keystore system",
	url = "https://developer.android.com/training/articles/keystore.html",
	note = "[Último acceso: 8 de Junio de 2018]"
}
